@article{alos2007short,
  title={On the short-time behavior of the implied volatility for jump-diffusion models with stochastic volatility},
  author={Alos, Elisa and Le{\'o}n, Jorge A and Vives, Josep},
  journal={Finance and Stochastics},
  volume={11},
  number={4},
  pages={571--589},
  year={2007},
  publisher={Springer}
}

@article{guo2011small,
  title={The small and large time implied volatilities in the minimal market model},
  author={Guo, Zhi and Platen, Eckhard},
  journal={arXiv preprint arXiv:1109.6154},
  year={2011}
}

@article{rouah2020four,
  title={Four derivations of the Black Scholes PDE},
  author={Rouah, Fabrice Douglas},
  journal={Mathematical finance notes. http://www. frouah. com/pages/finmath. html. Accessed July},
  year={2020}
}

@article{berestycki2002asymptotics,
  title={Asymptotics and calibration of local volatility models},
  author={Berestycki, Henri and Florent, I and others},
  journal={Quantitative finance},
  volume={2},
  number={1},
  pages={61},
  year={2002},
  publisher={IOP Publishing}
}

@article{berestycki2004computing,
  title={Computing the implied volatility in stochastic volatility models},
  author={Berestycki, Henri and Busca, J{\'e}r{\^o}me and Florent, Igor},
  journal={Communications on Pure and Applied Mathematics: A Journal Issued by the Courant Institute of Mathematical Sciences},
  volume={57},
  number={10},
  pages={1352--1373},
  year={2004},
  publisher={Citeseer}
}

@book{brigo2006interest,
  title={Interest rate models-theory and practice: with smile, inflation and credit},
  author={Brigo, Damiano and Mercurio, Fabio},
  volume={2},
  year={2006},
  publisher={Springer}
}

@article{carr1990stop,
  title={The stop-loss start-gain paradox and option valuation: A new decomposition into intrinsic and time value},
  author={Carr, Peter P and Jarrow, Robert A},
  journal={The review of financial studies},
  volume={3},
  number={3},
  pages={469--492},
  year={1990},
  publisher={Oxford University Press}
}


@techreport{chan2011exact,
  title={Exact Pricing and Hedging Formulas of Long Dated Variance Swaps under a $3/2$ Volatility Model},
  author={Chan, Leunglung and Platen, Eckhard and others},
  year={2011}
}

@book{epps2009quantitative,
  title={Quantitative finance: its development, mathematical foundations, and current scope},
  author={Epps, T Wake},
  year={2009},
  publisher={John Wiley \& Sons}
}

@article{figueroa2011large,
  title={The large-time smile and skew for exponential L{\'e}vy models},
  author={Figueroa-L{\'o}pez, Jos{\'e} E and Forde, Martin and Jacquier, Antoine},
  journal={Submitted.< unstr},
  year={2011}
}

@article{forde2011large,
  title={Large-time asymptotics for an uncorrelated stochastic volatility model},
  author={Forde, Martin},
  journal={Statistics \& probability letters},
  volume={81},
  number={8},
  pages={1230--1232},
  year={2011},
  publisher={Elsevier}
}


@article{fordelarge,
  title={The Large-maturity smile for the SABR and CEV-Heston models. preprint, 2012},
  author={Forde, M and Pogudin, A},
  journal={Cited on},
  pages={122}
}

@article{forde20111large,
  title={Large-time asymptotics for general stochastic volatility and time-changed L{\'e}vy models},
  author={Forde, MARTIN},
  journal={Preprint},
  year={2011}
}



@article{forde2009small,
  title={Small-time asymptotics for implied volatility under the Heston model},
  author={Forde, Martin and Jacquier, Antoine},
  journal={International Journal of Theoretical and Applied Finance},
  volume={12},
  number={06},
  pages={861--876},
  year={2009},
  publisher={World Scientific}
}

@article{faaordei2011large,
  title={The large-maturity smile for the Heston model},
  author={Forde, Martin and Jacquier, Antoine},
  journal={Finance and Stochastics},
  volume={15},
  number={4},
  pages={755--780},
  year={2011},
  publisher={Springer}
}

@article{forde2010asymptotic,
  title={Asymptotic formulae for implied volatility in the Heston model},
  author={Forde, Martin and Jacquier, Antoine and Mijatovi{\'c}, Aleksandar},
  journal={Proceedings of the Royal Society A: Mathematical, Physical and Engineering Sciences},
  volume={466},
  number={2124},
  pages={3593--3620},
  year={2010},
  publisher={The Royal Society Publishing}
}

@misc{gaoasymptotics,
  title={Asymptotics of implied volatility to arbitrary order. Preprint, 2011},
  author={Gao, K and Lee, R}
}

@article{gao2014asymptotics,
  title={Asymptotics of implied volatility to arbitrary order},
  author={Gao, Kun and Lee, Roger},
  journal={Finance and Stochastics},
  volume={18},
  number={2},
  pages={349--392},
  year={2014},
  publisher={Springer}
}

@article{gatheral2012asymptotics,
  title={Asymptotics of implied volatility in local volatility models},
  author={Gatheral, Jim and Hsu, Elton P and Laurence, Peter and Ouyang, Cheng and Wang, Tai-Ho},
  journal={Mathematical Finance: An International Journal of Mathematics, Statistics and Financial Economics},
  volume={22},
  number={4},
  pages={591--620},
  year={2012},
  publisher={Wiley Online Library}
}

@phdthesis{guo2009small,
  title={Small Time Asymptotics of Implied Volatility Under Local Volatility Models},
  author={Guo, Z},
  year={2009},
  school={PhD thesis, School of Mathematics and Statistics, University of New South$\sim$}
}


@book{henry2008analysis,
  title={Analysis, geometry, and modeling in finance: Advanced methods in option pricing},
  author={Henry-Labordere, Pierre},
  year={2008},
  publisher={CRC Press}
}

@article{hulley2012hedging,
  title={Hedging for the long run},
  author={Hulley, Hardy and Platen, Eckhard},
  journal={Mathematics and Financial Economics},
  volume={6},
  number={2},
  pages={105--124},
  year={2012},
  publisher={Springer}
}

@article{hulley2005benchmarking,
  title={Benchmarking and fair pricing applied to two market models},
  author={Hulley, Hardy and Miller, Shane and Platen, Eckhard},
  journal={The Kyoto Economic Review},
  volume={74},
  number={1},
  pages={85--118},
  year={2005},
  publisher={国立大学法人 京都大学大学院経済学研究科}
}

@book{johnson1995continuous,
  title={Continuous univariate distributions, volume 2},
  author={Johnson, Norman L and Kotz, Samuel and Balakrishnan, Narayanaswamy},
  volume={289},
  year={1995},
  publisher={John wiley \& sons}
}

@article{karatzas2007numeraire,
  title={The num{\'e}raire portfolio in semimartingale financial models},
  author={Karatzas, Ioannis and Kardaras, Constantinos},
  journal={Finance and Stochastics},
  volume={11},
  number={4},
  pages={447--493},
  year={2007},
  publisher={Springer}
}

@article{lowenstein2000local,
  title={Local martingales, arbitrage and viability},
  author={Lowenstein, Mark and Willard, Gregory A},
  journal={Economic Theory},
  volume={16},
  number={1},
  pages={135--161},
  year={2000}
}

@article{musiela2005martingale,
  title={Martingale Methods in Financial Modelling Springer-Verlag},
  author={Musiela, M and Rutkowski, M},
  journal={Berlin, Heidelberg, New York},
  year={2005}
}

@incollection{platen2001minimal,
  title={A minimal financial market model},
  author={Platen, Eckhard},
  booktitle={Mathematical finance},
  pages={293--301},
  year={2001},
  publisher={Springer}
}

@article{platen2002arbitrage,
  title={Arbitrage in continuous complete markets},
  author={Platen, Eckhard},
  journal={Advances in Applied Probability},
  volume={34},
  number={3},
  pages={540--558},
  year={2002},
  publisher={Cambridge University Press}
}

@book{platen2006benchmark,
  title={A benchmark approach to quantitative finance},
  author={Platen, Eckhard and Heath, David},
  year={2006},
  publisher={Springer Science \& Business Media}
}

@article{rogers2010can,
  title={Can the implied volatility surface move by parallel shifts?},
  author={Rogers, LCG and Tehranchi, MR},
  journal={Finance and Stochastics},
  volume={14},
  number={2},
  pages={235--248},
  year={2010},
  publisher={Springer}
}

@article{roper2009relationship,
  title={On the relationship between the call price surface and the implied volatility surface close to expiry},
  author={Roper, Michael and Rutkowski, Marek},
  journal={International Journal of Theoretical and Applied Finance},
  volume={12},
  number={04},
  pages={427--441},
  year={2009},
  publisher={World Scientific}
}

@article{siegel1979noncentral,
  title={The noncentral chi-squared distribution with zero degrees of freedom and testing for uniformity},
  author={Siegel, Andrew F},
  journal={Biometrika},
  volume={66},
  number={2},
  pages={381--386},
  year={1979},
  publisher={Oxford University Press}
}

@article{tehranchi2009asymptotics,
  title={Asymptotics of implied volatility far from maturity},
  author={Tehranchi, Michael R},
  journal={Journal of Applied Probability},
  volume={46},
  number={3},
  pages={629--650},
  year={2009},
  publisher={Cambridge University Press}
}

@incollection{black2019pricing,
  title={The pricing of options and corporate liabilities},
  author={Black, Fischer and Scholes, Myron},
  booktitle={World Scientific Reference on Contingent Claims Analysis in Corporate Finance: Volume 1: Foundations of CCA and Equity Valuation},
  pages={3--21},
  year={2019},
  publisher={World Scientific}
}

@book{hogg2009loss,
  title={Loss distributions},
  author={Hogg, Robert V and Klugman, Stuart A},
  volume={249},
  year={2009},
  publisher={John Wiley \& Sons}
}


@book{hull2003options,
  title={Options futures and other derivatives},
  author={Hull, John C},
  year={2003},
  publisher={Pearson Education India}
}


@book{wilmott1995mathematics,
  title={The mathematics of financial derivatives: a student introduction},
  author={Wilmott, Paul and Howson, Susan and Howison, Sam and Dewynne, Jeff and others},
  year={1995},
  publisher={Cambridge university press}
}



@article{bagrov1973separation,
  title={Separation of variables in the Klein—Gordon equation. I},
  author={Bagrov, VG and Meshkov, AG and Shapovalov, VN and Shapovalov, AV},
  journal={Soviet Physics Journal},
  volume={16},
  number={11},
  pages={1533--1538},
  year={1973},
  publisher={Springer}
}

@article{blenman2005options,
  title={Options with constant underlying elasticity in strikes},
  author={Blenman, Lloyd P and Clark, Steven P},
  journal={Review of Derivatives Research},
  volume={8},
  number={2},
  pages={67--83},
  year={2005},
  publisher={Springer}
}

@book{bouchaud2003theory,
  title={Theory of financial risk and derivative pricing: from statistical physics to risk management},
  author={Bouchaud, Jean-Philippe and Potters, Marc},
  year={2003},
  publisher={Cambridge university press}
}

@article{bouchouev1997inverse,
  title={The inverse problem of option pricing},
  author={Bouchouev, Ilia and Isakov, Victor},
  journal={Inverse Problems},
  volume={13},
  number={5},
  pages={L11},
  year={1997},
  publisher={IOP Publishing}
}

@article{chiarella2003implementation,
  title={An Implementation of Bouchouev's Method for a Short Time Calibration of Option Pricing Models},
  author={Chiarella, Carl and Craddock, Mark and El-Hassan, Nadima},
  journal={Computational Economics},
  volume={22},
  number={2},
  pages={113--138},
  year={2003},
  publisher={Springer}
}

@misc{cont2008frontiers,
  title={Frontiers in quantitative finance},
  author={Cont, Rama},
  year={2008},
  publisher={Wiley, Hoboken}
}

@article{dragulescu2000statistical,
  title={Statistical mechanics of money},
  author={Dragulescu, Adrian and Yakovenko, Victor M},
  journal={The European Physical Journal B-Condensed Matter and Complex Systems},
  volume={17},
  number={4},
  pages={723--729},
  year={2000},
  publisher={Springer}
}

@article{dupire1997pricing,
  title={Pricing and hedging with smiles},
  author={Dupire, Bruno},
  journal={Mathematics of derivative securities},
  volume={1},
  number={1},
  pages={103--111},
  year={1997},
  publisher={Cambridge University Press Cambridge, UK}
}

@article{egger2006decoupling,
  title={On decoupling of volatility smile and term structure in inverse option pricing},
  author={Egger, Herbert and Hein, Torsten and Hofmann, Bernd},
  journal={Inverse Problems},
  volume={22},
  number={4},
  pages={1247},
  year={2006},
  publisher={IOP Publishing}
}

@techreport{estrella1995taylor,
  title={Taylor, Black and Scholes: series approximations and risk management pitfalls},
  author={Estrella, Arturo and others},
  year={1995}
}

@article{frivs1965higher,
  title={On higher symmetries in quantum mechanics},
  author={Fri{\v{s}}, J and Mandrosov, V and Smorodinsky, Ya A and Uhl{\'\i}{\v{r}}, M and Winternitz, P},
  journal={Physics Letters},
  volume={16},
  number={3},
  pages={354--356},
  year={1965},
  publisher={Elsevier}
}

@article{gazizov1998lie,
  title={Lie symmetry analysis of differential equations in finance},
  author={Gazizov, Rafail K and Ibragimov, Nail H},
  journal={Nonlinear Dynamics},
  volume={17},
  number={4},
  pages={387--407},
  year={1998},
  publisher={Springer}
}

@article{kataoka1995new,
  title={New conservation laws in a neoclassical von Neumann model},
  author={Kataoka, Haruo and Hashimoto, Hiroaki},
  journal={Journal of Mathematical Economics},
  volume={3},
  number={24},
  pages={271--280},
  year={1995}
}

@article{lo2001valuation,
  title={Valuation of financial derivatives with time-dependent parameters: Lie-algebraic approach},
  author={Lo, Chi-Fai and Hui, Cho-Hoi},
  year={2001},
  publisher={Taylor \& Francis}
}

@book{mantegna1999introduction,
  title={Introduction to econophysics: correlations and complexity in finance},
  author={Mantegna, Rosario N and Stanley, H Eugene},
  year={1999},
  publisher={Cambridge university press}
}

@article{mitchell2004conservation,
  title={Conservation laws for microeconomists!: Comments on" Economic Conservation Laws as Indices of Corporate Performance" by Ryuzo Sato},
  author={Mitchell, Thomas and others},
  journal={Japan and the World Economy},
  volume={16},
  number={3},
  pages={269--276},
  year={2004},
  publisher={Elsevier}
}

@article{pooe2003invariant,
  title={Invariant Solutions and Conservation Laws of the Black-Scholes Equation},
  author={Pooe, CA and Mahomed, FM and Soh, C Wafo},
  journal={Mathematical and Computational Applications},
  volume={8},
  number={1},
  pages={63--70},
  year={2003},
  publisher={Association for Scientific Research}
}

@article{samuelson1970law,
  title={Law of conservation of the capital-output ratio},
  author={Samuelson, Paul A},
  journal={Proceedings of the National Academy of Sciences},
  volume={67},
  number={3},
  pages={1477--1479},
  year={1970},
  publisher={National Acad Sciences}
}

@article{samuelson2004conservation,
  title={Conservation laws in economics},
  author={Samuelson, Paul A},
  journal={Japan and the World Economy},
  volume={16},
  number={3},
  pages={243--246},
  year={2004},
  publisher={Elsevier}
}

@misc{dietzenbacher1992conservation,
  title={Conservation Laws and Symmetry: Applications to Economics and Finance},
  author={Dietzenbacher, E},
  year={1992},
  publisher={JSTOR}
}

@book{sato1990conservation,
  title={Conservation laws and symmetry},
  author={Sato, Ryuzo and Ramachandran, Rama V},
  year={1990},
  publisher={Springer}
}

@article{sato2006economic,
  title={Economic conservation laws as indices of corporate performance},
  author={Sato, Ryuzo},
  journal={Biased Technical Change and Economic Conservation Laws},
  pages={147--176},
  year={2006},
  publisher={Springer}
}

@article{shapovalov1974separation,
  title={Separation of variables in the nonstationary Schr{\"o}dinger equation},
  author={Shapovalov, VN and Sukhomlin, NB},
  journal={Soviet Physics Journal},
  volume={17},
  number={12},
  pages={1718--1722},
  year={1974},
  publisher={Springer}
}

@inproceedings{silberberg2005discrete,
  title={Discrete symmetries of the Black-Scholes equation},
  author={Silberberg, Gheorghe},
  booktitle={Proceedings of 10th International Conference in MOdern GRoup ANalysis},
  volume={190},
  pages={197},
  year={2005}
}

@article{sornette2004stock,
  title={Why stock markets crash: critical events in complex financial systems},
  author={Sornette, Didier},
  journal={Physics Today},
  volume={57},
  number={3},
  pages={78--79},
  year={2004}
}

@article{sukhomlin2004symmetry,
  title={Symmetry and new solutions of the Black-Scholes equation.},
  author={Sukhomlin, Nikolay},
  journal={Boletin de la Asociacion Matematica Venezolana},
  volume={11},
  number={2},
  pages={175--189},
  year={2004},
  publisher={Asociaci{\'o}n Matem{\'a}tica Venezolana}
}

@article{sukhomlin2006strike,
  title={Strike price conservation law in the Black Scholes model},
  author={Sukhomlin, N},
  journal={Econom{\'\i}a},
  volume={17},
  pages={147--161},
  year={2006}
}



@article{Ayoola,
  author        = {Ayoola, E O},
  title         = {Unpublished {F}inancial  {M}athematics, {M}{A}{T} 773},
  year          = {2019},
  journal={University of Ibadan, Ibadan, Nigeria}
}



